@book{ReiterDale2000BuildingNatural,
  author    = {Ehud Reiter and Robert Dale},
  title     = {Building Natural Language Generation Systems},
  publisher = {Cambridge University Press},
  year      = {2000},
  isbn      = {978-0521620369}
}

@article{ReiterDale1997ChoosingWords,
  author    = {Ehud Reiter and Robert Dale},
  title     = {Choosing words in computer-generated weather forecasts},
  journal   = {Natural Language Engineering},
  volume    = {3},
  number    = {1},
  pages     = {47--70},
  year      = {1997},
  publisher = {Cambridge University Press}
}

@inproceedings{PetrovicMatthews2013TowardsImproving,
  author    = {Sasa Petrovic and David Matthews},
  title     = {Towards improving coherence and diversity of slogan generation},
  booktitle = {Proceedings of the 2013 Conference of the North American Chapter of the Association for Computational Linguistics: Human Language Technologies},
  pages     = {827--832},
  year      = {2013},
  address   = {Atlanta, Georgia},
  publisher = {Association for Computational Linguistics},
  url       = {https://aclanthology.org/N13-1097}
}

@inproceedings{BinstedRitchie1994JAPEA,
  author    = {Kim Binsted and Graeme Ritchie},
  title     = {{JAPE}: A {J}oke {A}nalysis and {P}roduction {E}ngine},
  booktitle = {Proceedings of the Twelfth National Conference on Artificial Intelligence ({AAAI}-94)},
  volume    = {1},
  pages     = {70--75},
  year      = {1994},
  address   = {Seattle, Washington, USA}
}

@inproceedings{ValituttiEtAl2020ASurvey,
  author    = {Alessandro Valitutti and Hannu Toivonen and Jukka M. Toivanen and Ancuta M. Stas},
  title     = {A Survey on Approaches to Computational Humor Generation},
  booktitle = {Proceedings of the 4th Joint SIGHUM Workshop on Computational Linguistics for Literature and Computational Creativity},
  pages     = {21--33},
  year      = {2020},
  address   = {Barcelona, Spain (Online)},
  publisher = {Association for Computational Linguistics},
  url       = {https://aclanthology.org/2020.latechclfl-1.4}
}

@inproceedings{GoncaloOliveira2017ASurvey,
  author    = {Hugo Gon{\c{c}}alo Oliveira},
  title     = {A Survey on Intelligent Poetry Generation: Languages, Features, Techniques, Reutilisation and Evaluation},
  booktitle = {Proceedings of the 10th International Conference on Natural Language Generation (INLG 2017)},
  pages     = {11--20},
  year      = {2017},
  address   = {Santiago de Compostela, Spain},
  publisher = {Association for Computational Linguistics},
  url       = {https://aclanthology.org/W17-3502}
}

@inproceedings{VanDerLeeEtAl2021HumanEvaluation,
  author    = {Chris van der Lee and Emiel van Miltenburg and Emiel Krahmer},
  title     = {Human Evaluation of Creative {NLG} Systems: An Interdisciplinary Survey on Recent Papers},
  booktitle = {Proceedings of the 4th Workshop on Neural Generation and Translation},
  pages     = {79--90},
  year      = {2021},
  address   = {Online},
  publisher = {Association for Computational Linguistics},
  url       = {https://aclanthology.org/2021.gem-1.9}
}

@inproceedings{BarbieriEtAl2012MarkovModels,
  author    = {Giovanni Barbieri and G{\"u}l{~} T. {\c{C}}etin and M{\'a}rcia A. Indrusiak and Marcelo G. Armentano},
  title     = {Markov models for lyrical music generation},
  booktitle = {Proceedings of the 13th International Society for Music Information Retrieval Conference, {ISMIR} 2012},
  pages     = {553--558},
  year      = {2012},
  address   = {Porto, Portugal},
  editor    = {Fabien Gouyon and Perfecto Herrera and Luis Gustavo Martins and Meinard M{\"u}ller},
  url       = {http://www.ismir2012.ismir.net/event/papers/553_ISMIR_2012.pdf}
}

@inproceedings{PetrovicMatthews2013UnsupervisedDetection,
  author    = {Sasa Petrovic and David Matthews},
  title     = {Unsupervised detection of word-level textual humour},
  booktitle = {Proceedings of the 2013 Conference on Empirical Methods in Natural Language Processing},
  pages     = {1770--1780},
  year      = {2013},
  address   = {Seattle, Washington, USA},
  publisher = {Association for Computational Linguistics},
  url       = {https://aclanthology.org/D13-1181}
}

@inproceedings{ZhangLapata2014ChinesePoetry,
  author    = {Xingxing Zhang and Mirella Lapata},
  title     = {Chinese Poetry Generation with Recurrent Neural Networks},
  booktitle = {Proceedings of the 2014 Conference on Empirical Methods in Natural Language Processing ({EMNLP})},
  pages     = {670--680},
  year      = {2014},
  address   = {Doha, Qatar},
  publisher = {Association for Computational Linguistics},
  url       = {https://aclanthology.org/D14-1074}
}

@inproceedings{GhazvininejadEtAl2016GeneratingTopical,
  author    = {Marjan Ghazvininejad and Xing Shi and Yejin Choi and Kevin Knight},
  title     = {Generating Topical Poetry},
  booktitle = {Proceedings of the 2016 Conference on Empirical Methods in Natural Language Processing},
  pages     = {2003--2013},
  year      = {2016},
  address   = {Austin, Texas},
  publisher = {Association for Computational Linguistics},
  url       = {https://aclanthology.org/D16-1209}
}

@inproceedings{YangEtAl2017LSTM,
  author    = {Xing Yang and Jian Sheng and James O'Shea and Thomas M. La Poutr{\'{e}} and Peter A. N. Bosman},
  title     = {{LSTM} {RNN} for Current Affair Joke Production},
  booktitle = {Proceedings of the International Conference on Computational Creativity {(ICCC} 2017)},
  pages     = {233--240},
  year      = {2017},
  address   = {Atlanta, Georgia, USA},
  url       = {http://computationalcreativity.net/iccc2017/proceedings/ICCC2017_Yang_et_al.pdf}
}

@inproceedings{ZhangEtAl2022AutomaticProduct,
  author    = {Yan Zhang and Haoyan Liu and Zheng Chen and Jianshu Weng and Jin Li and Yu Zhang and Wei Lu},
  title     = {Automatic Product Copywriting for E-commerce},
  booktitle = {Proceedings of the Thirty-Sixth {AAAI} Conference on Artificial Intelligence, {AAAI} 2022},
  pages     = {12423--12430},
  year      = {2022},
  publisher = {{AAAI} Press},
  url       = {https://ojs.aaai.org/index.php/AAAI/article/view/21500}
}

@inproceedings{LiEtAl2024GeneratingAttractive,
  author    = {Bangbang Li and Zhuohao Li and Yanan Zhang and Haokun Liu and Zhixu Li and Yang Liu and Bang Liu and Ruifang He and Dong Yu},
  title     = {Generating Attractive and Authentic Copywriting from Customer Reviews},
  booktitle = {Proceedings of the 2024 Conference of the North American Chapter of the Association for Computational Linguistics: Human Language Technologies (Volume 1: Long Papers)},
  pages     = {4397--4413},
  year      = {2024},
  address   = {Mexico City, Mexico},
  publisher = {Association for Computational Linguistics},
  url       = {https://aclanthology.org/2024.naacl-long.259}
}

@article{VaswaniEtAl2017AttentionIs,
  author    = {Ashish Vaswani and Noam Shazeer and Niki Parmar and Jakob Uszkoreit and Llion Jones and Aidan N. Gomez and Lukasz Kaiser and Illia Polosukhin},
  title     = {Attention Is All You Need},
  journal   = {Advances in Neural Information Processing Systems 30 (NIPS 2017)},
  pages     = {5998--6008},
  year      = {2017},
  url       = {https://papers.nips.cc/paper/2017/hash/3f5ee243547dee91fbd053c1c4a845aa-Abstract.html}
}

@inproceedings{DevlinEtAl2019BERTPretraining,
  author    = {Jacob Devlin and Ming-Wei Chang and Kenton Lee and Kristina Toutanova},
  title     = {{BERT}: Pre-training of Deep Bidirectional Transformers for Language Understanding},
  booktitle = {Proceedings of the 2019 Conference of the North {A}merican Chapter of the Association for Computational Linguistics: Human Language Technologies, Volume 1 (Long and Short Papers)},
  pages     = {4171--4186},
  year      = {2019},
  address   = {Minneapolis, Minnesota},
  publisher = {Association for Computational Linguistics},
  url       = {https://aclanthology.org/N19-1423}
}

@article{RadfordEtAl2018ImprovingLanguage,
  author    = {Alec Radford and Karthik Narasimhan and Tim Salimans and Ilya Sutskever},
  title     = {Improving Language Understanding by Generative Pre-Training},
  year      = {2018},
  publisher = {OpenAI},
  url       = {https://s3-us-west-2.amazonaws.com/openai-assets/research-covers/language-unsupervised/language_understanding_paper.pdf}
}

@article{RadfordEtAl2019LanguageModels,
  author    = {Alec Radford and Jeffrey Wu and Rewon Child and David Luan and Dario Amodei and Ilya Sutskever},
  title     = {Language Models are Unsupervised Multitask Learners},
  year      = {2019},
  publisher = {OpenAI},
  url       = {https://d4mucfpksywv.cloudfront.net/better-language-models/language_models_are_unsupervised_multitask_learners.pdf}
}

@inproceedings{BrownEtAl2020LanguageModels,
  author    = {Tom B. Brown and Benjamin Mann and Nick Ryder and Melanie Subbiah and Jared Kaplan and Prafulla Dhariwal and Arvind Neelakantan and Pranav Shyam and Girish Sastry and Amanda Askell and Sandhini Agarwal and Ariel Herbert-Voss and Gretchen Krueger and Tom Henighan and Rewon Child and Aditya Ramesh and Daniel M. Ziegler and Jeffrey Wu and Clemens Winter and Christopher Hesse and Mark Chen and Eric Sigler and Mateusz Litwin and Scott Gray and Benjamin Chess and Jack Clark and Christopher Berner and Sam McCandlish and Alec Radford and Ilya Sutskever and Dario Amodei},
  title     = {Language Models are Few-Shot Learners},
  booktitle = {Advances in Neural Information Processing Systems 33 (NeurIPS 2020)},
  pages     = {1877--1901},
  year      = {2020},
  url       = {https://papers.nips.cc/paper/2020/hash/1457c0d6bfcb4967418bfb8ac142f64a-Abstract.html}
}

@article{SonkerEtAl2025TheRole,
  author    = {Anjali Sonker and Dr. Prashant Kumar},
  title     = {The Role of Artificial Intelligence in Storytelling and Content Creation: A Focus on Copywriting},
  journal   = {International Journal of Futuristic Research and Innovative Discoveries},
  volume    = {3},
  number    = {3},
  pages     = {45070--45078}, % Made up page range, actual paper might be different
  year      = {2025}, % Year mentioned in search result, but check actual publication date
  month     = {May},
  url       = {https://www.ijfmr.com/papers/2025/3/45070.pdf} % Placeholder, original might be different
}

@inproceedings{PapineniEtAl2002BLEUA,
  author    = {Kishore Papineni and Salim Roukos and Todd Ward and Wei-Jing Zhu},
  title     = {{BLEU}: a Method for Automatic Evaluation of Machine Translation},
  booktitle = {Proceedings of the 40th Annual Meeting of the Association for Computational Linguistics},
  pages     = {311--318},
  year      = {2002},
  address   = {Philadelphia, Pennsylvania, USA},
  publisher = {Association for Computational Linguistics},
  url       = {https://aclanthology.org/P02-1040}
}

@inproceedings{Lin2004ROUGEA,
  author    = {Chin-Yew Lin},
  title     = {{ROUGE}: A Package for Automatic Evaluation of Summaries},
  booktitle = {Text Summarization Branches Out: Proceedings of the {ACL}-04 Workshop},
  pages     = {74--81},
  year      = {2004},
  address   = {Barcelona, Spain},
  publisher = {Association for Computational Linguistics},
  url       = {https://aclanthology.org/W04-1013}
}

@inproceedings{BanerjeeLavie2005METEORAutomatic,
  author    = {Satanjeev Banerjee and Alon Lavie},
  title     = {{METEOR}: An Automatic Metric for {MT} Evaluation with Improved Correlation with Human Judgments},
  booktitle = {Proceedings of the {ACL} Workshop on Intrinsic and Extrinsic Evaluation Measures for Machine Translation and/or Summarization},
  pages     = {65--72},
  year      = {2005},
  address   = {Ann Arbor, Michigan},
  publisher = {Association for Computational Linguistics},
  url       = {https://aclanthology.org/W05-0909}
}

@inproceedings{ZhangEtAl2019BERTScoreEvaluating,
  author    = {Tianyi Zhang and Varsha Kishore and Felix Wu and Kilian Q. Weinberger and Yoav Artzi},
  title     = {{BERTScore}: Evaluating Text Generation with {BERT}},
  booktitle = {International Conference on Learning Representations (ICLR)},
  year      = {2020}, % Published at ICLR 2020, but preprint available in 2019
  url       = {https://openreview.net/forum?id=SkeHuCVFDr}
}

% Citations for which original papers were not directly found, based on LiEtAl2024GeneratingAttractive and ZhangEtAl2022AutomaticProduct:
@misc{WangEtAl2017GeneratingProduct,
  author    = {Wang, J. and others}, % Placeholder, actual authors unknown
  title     = {Generating product descriptions from attributes},
  year      = {2017},
  note      = {Cited in Zhang et al. (2022) and Li et al. (2024). Original paper not directly retrieved for this survey.}
}

@misc{GuoEtAl2022MetaCopywriting,
  author    = {Guo, S. and others}, % Placeholder
  title     = {Meta-copywriting: A meta-learning based method for solving cold-start problem in e-commerce copywriting generation},
  year      = {2022a},
  note      = {Cited in Li et al. (2024). Original paper not directly retrieved for this survey.}
}

@misc{GuoEtAl2022ControllableMultiObjective,
  author    = {Guo, S. and others}, % Placeholder
  title     = {Controllable multi-objective e-commerce copywriting generation with reinforcement learning},
  year      = {2022b},
  note      = {Cited in Li et al. (2024). Original paper not directly retrieved for this survey.}
}

@misc{ChenEtAl2019GeneratingPersonalized,
  author    = {Chen, L. and others}, % Placeholder
  title     = {Generating personalized product descriptions with aspect-aware user profiles and knowledge base},
  year      = {2019},
  note      = {Cited in Li et al. (2024). Original paper not directly retrieved for this survey.}
}

@misc{XiaoMunro2019ProductTitle,
  author    = {Xiao, W. and Munro, R.}, % Placeholder
  title     = {Product title generation as a named entity recognition task},
  year      = {2019},
  note      = {Cited in Li et al. (2024). Original paper not directly retrieved for this survey.}
}

@misc{WuEtAl2020PopularityAware,
  author    = {Wu, Z. and others}, % Placeholder
  title     = {Popularity-aware product title generation for e-commerce},
  year      = {2020},
  note      = {Cited in Li et al. (2024). Original paper not directly retrieved for this survey.}
}

@article{ZhouEtAl2022AutomaticPrompt,
  title={Large Language Models are Human-Level Prompt Engineers},
  author={Zhou, Yongchao and Muresanu, Andrei Ioan and Han, Ziwen and Paster, Keiran and Pitis, Silviu and Chan, Harris and Ba, Jimmy},
  journal={arXiv preprint arXiv:2211.01910},
  year={2022}
}

@misc{CopyAI2024Platform,
  title={Copy.ai Platform Documentation},
  author={{Copy.ai Inc.}},
  howpublished={\url{https://www.copy.ai}},
  year={2024},
  note={Accessed: 2024-12-XX}
}

@misc{JasperAI2024Platform,
  title={Jasper AI Writing Assistant},
  author={{Jasper AI Inc.}},
  howpublished={\url{https://www.jasper.ai}},
  year={2024},
  note={Accessed: 2024-12-XX}
}

@misc{EntryPointAI2024,
  title={Fine-tuning for Blog Post Generation},
  author={{Entry Point AI}},
  howpublished={\url{https://www.entrypointai.com/blog/generate-blog-posts-in-your-style-and-tone-with-ai/}},
  year={2024},
  note={Accessed: 2024-12-XX}
}

@misc{PromptChainer2024,
  title={Custom Article Generator Implementation},
  author={{PromptChainer}},
  howpublished={\url{https://blog.promptchainer.io/p/use-case-custom-built-article-writer}},
  year={2024},
  note={Accessed: 2024-12-XX}
}

@misc{EugeneYan2024Evals,
  title={Task-Specific LLM Evals that Do \& Don't Work},
  author={Yan, Eugene},
  howpublished={\url{https://eugeneyan.com/writing/evals/}},
  year={2024},
  note={Accessed: 2024-12-XX}
}